%таблицы варавниваются по левому краю

@article{Article1,
  title        = {Диагонально-неявные методы Рунге--Кутты для жестких задач},
  author       = {Скворцов~Л.~М.},
  year         = 2006,
  journal      = {Ж. вычисл. матем. и матем. физ.},
  volume       = {46},
  number       = 12,
  pages        = {2209--2222},
  doi          = {10.1134/S0965542506120098},
  language     = {russian}
}
@article{Article2,
  title        = {Вложенные симметричные неявные гнездовые методы Рунге-Кутты типов Гаусса и Лобатто для решения жестких обыкновенных
                  дифференциальных уравнений и гамильтоновых систем},
  author       = {Куликов~Г.~Ю.},
  year         = 2015,
  journal      = {Ж. вычисл. матем. и матем. физ.},
  volume       = {55},
  number       = 6,
  pages        = {986--1007},
  doi          = {10.7868/S0044466915030114},
  language     = {russian}
}
@article{Article3,
  title        = {Исследование на жесткость системы обыкновенных дифференциальных уравнений, соответствующей математической модели
                  деформационного упрочнения сплавов со сверхструктурой L12},
  author       = {Леонов~В.~В.~Самохина~С.~И.},
  year         = 2020,
  journal      = {Инноватика - 2020 : сборник материалов XVI Международной школы-конференции студентов, аспирантов и молодых ученых, 23-25 апреля 2020 г., г. Томск, Россия. Томск},
  %volume       = {55},
  %number       = 6,
  pages        = {384--387},
  %doi          = {10.7868/S0044466915030114},
  language     = {russian}
}
@article{Article4,
  title        = {Жёсткие и плохо обусловленные нелинейные модели и методы их расчета},
  author       = {Пошивайло~И.~П.},
  year         = 2014,
  journal      = {Инноватика - 2020 : сборник материалов XVI Международной школы-конференции студентов, аспирантов и молодых ученых, 23-25 апреля 2020 г., г. Томск, Россия. Томск},
  %volume       = {55},
  %number       = 6,
  %pages        = {384--387},
  %doi          = {10.7868/S0044466915030114},
  language     = {russian}
}
@article{Article5,
  title        = {Расчет химической кинетики явными схемами с геометрически-адаптивным выбором шага},
  author       = {Булатов~П.~Е.~Белов~А.~А.~Калиткин~Н.~Н.},
  year         = 2018,
  journal      = {Препринты ИПМ им. М. В. Келдыша},
  %volume       = {55},
  %number       = 6,
  pages        = {32},
  %doi          = {10.7868/S0044466915030114},
  language     = {russian}
}
@article{Article6,
  title        = {Диагонально-неявные схемы Рунге-Кутты},
  author       = {Широбоков~Н.~В.},
  year         = 2002,
  journal      = {Ж. вычисл. матем. и матем. физ.},
  volume       = {42},
  number       = 7,
  pages        = {974--979},
  %doi          = {10.7868/S0044466915030114},
  language     = {russian}
}
@article{Article7,
  title        = {Вложенный пятиэтапный метод пятого порядка типа Дормана-Принса},
  author       = {Олемской~И.~В.},
  year         = 2005,
  journal      = {Ж. вычисл. матем. и матем. физ.},
  volume       = {45},
  number       = 7,
  pages        = {1140--1150},
  doi          = {10.7868/S0044466915030114},
  language     = {russian}
}
%Жук Д. М., Маничев В. Б., and Сахаров М. К.. "Сравнение современных решателей жестких систем обыкновенных дифференциальных уравнений с решателями Си библиотеки sadel" Машиностроение и компьютерные технологии, no. 08, 2012, pp. 18.
@article{Article8,
  title        = {Сравнение современных решателей жестких систем обыкновенных дифференциальных уравнений с решателями Си библиотеки sadel},
  author       = {Жук~Д.~М.~Маничев~В.~Б.~Сахаров~М.~К.},
  year         = 2012,
  journal      = {Машиностроение и компьютерные технологии},
  %volume       = {45},
  number       = 8,
  pages        = {284--300},
  doi          = {10.7463/0812.0445558},
  language     = {russian}
}
@incollection{cite_1_3,
  author       = {John~C.~Butcher},
  editor       = {Adhemar Bultheel and
                  Ronald Cools},
  title        = {Numerical methods for ordinary differential equations: early days},
  booktitle    = {The Birth of Numerical Analysis},
  pages        = {35--44},
  publisher    = {World Scientific},
  year         = {2009},
  url          = {https://doi.org/10.1142/9789812836267\_0003},
  doi          = {10.1142/9789812836267\_0003},
  timestamp    = {Mon, 16 Sep 2019 14:43:13 +0200},
  biburl       = {https://dblp.org/rec/books/ws/09/Butcher09.bib},
  bibsource    = {dblp computer science bibliography, https://dblp.org}
}
@book{book1,
author = {Hairer, Ernst and Norsett, Syvert and Wanner, Gerhard},
year = {1993},
month = {01},
pages = {},
title = {Solving Ordinary Differential Equations I: Nonstiff Problems},
volume = {8},
isbn = {978-3-540-56670-0},
doi = {10.1007/978-3-540-78862-1}
}
@book{book2,
author = {Hairer, Ernst and Wanner, Gerhard},
year = {1996},
month = {01},
pages = {},
title = {Solving Ordinary Differential Equations II. Stiff and Differential-Algebraic Problems},
volume = {14},
journal = {Springer Verlag Series in Comput. Math.},
doi = {10.1007/978-3-662-09947-6}
}
@book{book3,
author = {Гурвич~Л.~В.~Вейц~И.~В.~Медведев~В.~А.~и~др.},
year = {1978},
%month = {01},
pages = {328},
title = {Термодинамические свойства индивидуальных веществ},
volume = {1},
journal = {Наука}
%doi = {10.1007/978-3-662-09947-6}
}
@book{book4,
author = {Пунтус~А.~А.},
year = {2014},
%month = {01},
pages = {364},
title = {Дифференциальные уравнения},
%volume = {8},
journal = {МАИ-Принт},
isbn = {978-5-703-52323-0},
%doi = {10.1007/978-3-540-78862-1}
}
@book{book5,
author = {Холодов~А.~С.~Лобанов~А.~И.~Евдокимов~А.~В.},
year = {1985},
%month = {01},
pages = {49},
title = {Разностные схемы для решения жестких обыкновенных дифференциальных уравнений в пространстве неопределенных коэффициентов},
%volume = {8},
journal = {Московский физико-технический институт}
%isbn = {9785703523230},
%doi = {10.1007/978-3-540-78862-1}
}
@book{book6,
author = {Фалейчик~Б.~В.},
year = {2010},
%month = {01},
pages = {42},
title = {Одношаговые методы численного решения задачи Коши},
%volume = {8},
journal = {Минск : БГУ}
%isbn = {9785703523230},
%doi = {10.1007/978-3-540-78862-1}
}
@book{book7,
author = {Гидаспов~В.~Ю.~Северина~Н.~С.},
year = {2016},
%month = {01},
pages = {79},
title = {Некоторые задачи физической газовой динамики},
%volume = {8},
publisher = {Издательство МАИ}
%isbn = {9785703523230},
%doi = {10.1007/978-3-540-78862-1}
}
@book{book8,
author = {Гидаспов~В.~Ю.~Северина~Н.~С.},
year = {2014},
%month = {01},
pages = {84},
title = {Элементарные модели и вычислислительные алгоритмы физической газовой динамики. Термодинамика и химическая кинетика},
%volume = {8},
publisher = {Издательство Вузовская книга}
%isbn = {9785703523230},
%doi = {10.1007/978-3-540-78862-1}
}
@book{book9,
author = {Авдюшев~В.~А.},
year = {2009},
%month = {01},
pages = {52},
title = {Численные методы интегрирования обыкновенных дифференциальных уравнений},
%volume = {8},
publisher={Томск : ИДО ТГУ},
journal = {Томский государственный университет Институт дистанционного образования}
%isbn = {9785703523230},
%doi = {10.1007/978-3-540-78862-1
}
@book{book10,
author = {Плохотников~К.~Э.},
year = {2013},
%month = {01},
pages = {496},
title = {Теория и практика в среде MATLAB},
%volume = {8},
publisher={М : Горячая линия},
journal = {Телеком}
%isbn = {9785703523230},
%doi = {10.1007/978-3-540-78862-1
}
@book{book11,
author = {Демидова~О.~Л.~Малинина~Н.~Л.},
year = {2021},
%month = {01},
pages = {47},
title = {Нелинейные системы. Теория приближения функций в электронных таблицах. Практика вычислений в электронных таблицах},
%volume = {8},
publisher={Московский авиационный институт},
%journal = {Телеком},
isbn = {978-5-4316-0774-5}
%doi = {10.1007/978-3-540-78862-1
}
@journal{journal1,
type = {Препринты ИПМ им. М.В.Келдыша},
booktitle = {Препринты ИПМ им. М.В.Келдыша},
number = {98},
journal = {Препринты ИПМ им. М.В.Келдыша},
address = {Москва},
title = {Методы решения жестких обыкновенных дифференциальных уравнений. Результаты тестовых расчетов},
publisher = {ИПМ им. М.В.Келдыша},
year = {2013},
pages = {1--29},
author = {Галанин~М.~П.~Ходжаева~С.~Р.},
eprint = {https://keldysh.ru/papers/2013/prep2013_98.pdf},
url = {https://library.keldysh.ru/preprint.asp?id=2013-98},
annote = {Целью работы является исследование (m,k)-метода, одностадийной комплексной схемы Розенброка, метода конечных суперэлементов и явного четырехстадийного метода Рунге-Кутты применительно к решению жестких систем обыкновенных дифференциальных уравнений. Анализ тестовых расчетов показал, что оптимальным выбором для систем с большим числом жесткости является одностадийная комплексная схема Розенброка. Метод конечных суперэлементов является «точным» для решения линейных систем обыкновенных дифференциальных уравнений, оптимальным вспомогательным методом для его реализации является (4,2)-метод. Построен и протестирован вариант метода конечных суперэлементов для решения нелинейных задач, оказавшийся непригодным для задач большой жесткости.},
abstract = {Целью работы является исследование (m,k)-метода, одностадийной комплексной схемы Розенброка, метода конечных суперэлементов и явного четырехстадийного метода Рунге-Кутты применительно к решению жестких систем обыкновенных дифференциальных уравнений. Анализ тестовых расчетов показал, что оптимальным выбором для систем с большим числом жесткости является одностадийная комплексная схема Розенброка. Метод конечных суперэлементов является «точным» для решения линейных систем обыкновенных дифференциальных уравнений, оптимальным вспомогательным методом для его реализации является (4,2)-метод. Построен и протестирован вариант метода конечных суперэлементов для решения нелинейных задач, оказавшийся непригодным для задач большой жесткости.}
}
@journal{journal2,
%type = {Препринты ИПМ им. М.В.Келдыша},
%booktitle = {Препринты ИПМ им. М.В.Келдыша},
volume = {9},
number = {2},
journal = {СПбгу, Вычислительные технологии},
address = {Москва},
title = {Метод типа Рунге-Кутты интегрирования систем и дифференциальных уравнений второго порядка специального вида},
%publisher = {СПбгу, Вычислительные технологии},
year = {2004},
pages = {67--80},
author = {Олемской~И.~В.},
%eprint = {https://keldysh.ru/papers/2013/prep2013_98.pdf},
url = {https://cyberleninka.ru/article/n/metod-tipa-runge-kutty-integrirovaniya-sistem-i-differentsialnyh-uravneniy-vtorogo-poryadka-spetsialnogo-vida},
%annote = {Целью работы является исследование (m,k)-метода, одностадийной комплексной схемы Розенброка, метода конечных суперэлементов и явного четырехстадийного метода Рунге-Кутты применительно к решению жестких систем обыкновенных дифференциальных уравнений. Анализ тестовых расчетов показал, что оптимальным выбором для систем с большим числом жесткости является одностадийная комплексная схема Розенброка. Метод конечных суперэлементов является «точным» для решения линейных систем обыкновенных дифференциальных уравнений, оптимальным вспомогательным методом для его реализации является (4,2)-метод. Построен и протестирован вариант метода конечных суперэлементов для решения нелинейных задач, оказавшийся непригодным для задач большой жесткости.},
%abstract = {Целью работы является исследование (m,k)-метода, одностадийной комплексной схемы Розенброка, метода конечных суперэлементов и явного четырехстадийного метода Рунге-Кутты применительно к решению жестких систем обыкновенных дифференциальных уравнений. Анализ тестовых расчетов показал, что оптимальным выбором для систем с большим числом жесткости является одностадийная комплексная схема Розенброка. Метод конечных суперэлементов является «точным» для решения линейных систем обыкновенных дифференциальных уравнений, оптимальным вспомогательным методом для его реализации является (4,2)-метод. Построен и протестирован вариант метода конечных суперэлементов для решения нелинейных задач, оказавшийся непригодным для задач большой жесткости.}
}
@online{Wikipedia1,
  author       = {Wikipedia},
  title        = {Дифференцирование},
  year         = {2023},
  url          = {https://ru.wikipedia.org/wiki/%D0%94%D0%B8%D1%84%D1%84%D0%B5%D1%80%D0%B5%D0%BD%D1%86%D0%B8%D1%80%D0%BE%D0%B2%D0%B0%D0%BD%D0%B8%D0%B5},
  urldate      = {2023-05-21},
  language     = {russian}
}
@online{Wikipedia2,
  author       = {Wikipedia},
  title        = {GNU Debugger},
  year         = {2023},
  url          = {https://ru.wikipedia.org/wiki/GNU_Debugger},
  urldate      = {2023-05-21},
  language     = {russian}
}
@online{Wikipedia3,
  author       = {Wikipedia},
  title        = {Valgrind},
  year         = {2023},
  url          = {https://ru.wikipedia.org/wiki/Valgrind},
  urldate      = {2023-05-21},
  language     = {russian}
}
@online{Wikipedia4,
  author       = {Wikipedia},
  title        = {CMake},
  year         = {2023},
  url          = {https://ru.wikipedia.org/wiki/CMake},
  urldate      = {2023-05-21},
  language     = {russian}
}
@online{Wikipedia5,
  author       = {Wikipedia},
  title        = {Qt},
  year         = {2023},
  url          = {https://ru.wikipedia.org/wiki/Qt},
  urldate      = {2023-05-21},
  language     = {russian}
}
@online{Wikipedia6,
  author       = {Wikipedia},
  title        = {MATLAB},
  year         = {2022},
  url          = {https://ru.wikipedia.org/wiki/MATLAB},
  urldate      = {2023-05-21},
  language     = {russian}
}
@online{Wikipedia7,
  author       = {Wikipedia},
  title        = {SMath Studio},
  year         = {2022},
  url          = {https://ru.wikipedia.org/wiki/SMath_Studio},
  urldate      = {2023-05-21},
  language     = {russian}
}
@online{Wikipedia8,
  author       = {Wikipedia},
  title        = {GNU Scientific Library},
  year         = {2023},
  url          = {https://ru.wikipedia.org/wiki/GNU_Scientific_Library},
  urldate      = {2023-05-21},
  language     = {russian}
}
@online{Wikipedia9,
  author       = {Jose Antonio De Santiago Castillo},
  title        = {DotNumerics},
  year         = {2016},
  url          = {http://www.dotnumerics.com/},
  urldate      = {2023-05-21},
  language     = {english}
}
@online{Wikipedia10,
  author       = {Wikipedia},
  title        = {WolframAlpha},
  year         = {2023},
  url          = {https://ru.wikipedia.org/wiki/WolframAlpha},
  urldate      = {2023-05-21},
  language     = {russian}
}
@online{Wikipedia11,
  author       = {abcdef},
  title        = {А-стабильность},
  year         = {2023},
  url          = {https://ru.abcdef.wiki/wiki/Stiff_equation#A-stability},
  urldate      = {2023-05-21},
  language     = {russian}
}
@online{Wikipedia12,
  author       = {abcdef},
  title        = {L-стабильность},
  year         = {2023},
  url          = {https://ru.abcdef.wiki/wiki/L-stability},
  urldate      = {2023-05-21},
  language     = {russian}
}